\documentclass[12pt,a4paper]{article}
\usepackage[utf8]{inputenc}
\usepackage{amsmath}
\usepackage{amsfonts}
\usepackage{amssymb}
\usepackage{makeidx}
\usepackage{graphicx}
\usepackage{lmodern}
\usepackage{kpfonts}
\usepackage{fourier}
\usepackage[left=2cm,right=2cm,top=2cm,bottom=2cm]{geometry}
\begin{document}
@article{preisz2009educacion,
  title={Educaci{\'o}n en rob{\'o}tica: modelos cinem{\'a}ticos del scorbot er-ix},
  author={Preisz, Emilce Noem{\'\i} and Weisz, Rosa Mar{\'\i}a and Bauer, Jorge M and Gentiletti, Gerardo Gabriel},
  journal={Revista Argentina de Ensenanza de la Ingenieria},
  volume={10},
  pages={51--63},
  year={2009}
}
\end{document}