\documentclass[12pt,a4paper]{article}
\usepackage[utf8]{inputenc}
\usepackage{amsmath}
\usepackage{amsfonts}
\usepackage{amssymb}
\usepackage{makeidx}
\usepackage{graphicx}
\usepackage{lmodern}
\usepackage{kpfonts}
\usepackage{fourier}
\usepackage[left=2cm,right=2cm,top=2cm,bottom=2cm]{geometry}
\begin{document}
@inproceedings{najera2009analisis,
  title={An{\'a}lisis de Rigidez de Manipuladores Paralelos Basado en el An{\'a}lisis de Sensibilidad. Aplicacion al 6-RUS},
  author={N{\'a}jera, Jasiel and Aginaga, Jokin and Zabalza, Isidro},
  booktitle={Proceedings of the 9 Congreso Iberoamericano de Ingenier{\i}a Mec{\'a}nica},
  year={2009}
}
@inproceedings{Ramirez-Matheus, A., Díaz-Rodríguez, M., & González-Estrada, O. A. (2017). Estrategia de optimización para la síntesis dimensional de un robot paralelo 5R para una aplicación de mesa de corte. Revista UIS Ingenierías, 16(2), 197-206.}
\end{document}