@article{markelov2017uso,
  title={Uso de Cuaterniones para Representar Rotaciones},
  author={Markelov, Anatoli},
  year={2017},
  publisher={Tecnolog{\'\i}a Hoy}
}

@phdthesis{somma2018cuaterniones,
  title={Cuaterniones y {\'a}ngulos de Euler para describir rotaciones en},
  author={Somma, Francisco Javier},
  year={2018},
  school={UNIVERSIDAD ABIERTA INTERAMERICANA}
}