\documentclass[12pt,a4paper]{article}
\usepackage[utf8]{inputenc}
\usepackage{amsmath}
\usepackage{amsfonts}
\usepackage{amssymb}
\usepackage{makeidx}
\usepackage{graphicx}
\usepackage{lmodern}
\usepackage{kpfonts}
\usepackage{fourier}
\usepackage[left=2cm,right=2cm,top=2cm,bottom=2cm]{geometry}
\begin{document}
@article{gonzalez2015cinematica,
  title={Cinem{\'a}tica inversa de robot serial utilizando algoritmo gen{\'e}tico basado en MCDS},
  author={Gonz{\'a}lez, Juan Jairo Vaca and Caro, Cristhian Andr{\'e}s Pe{\~n}a and Gonz{\'a}lez, Harold Vacca},
  journal={Tecnura},
  volume={19},
  number={44},
  pages={33--46},
  year={2015}
}
@article{benavidescinematica,
  title={Cinem{\'a}tica Directa del Robot},
  author={Benavides, M Sc Kryscia Ram{\'\i}rez},
  journal={Escuela de Ciencias de la Computaci{\'o}n e Informatica. Universidad de Costa Rica}
}
\end{document}