@article{balasubramanian2011denavit,
  title={The Denavit Hartenberg Convention},
  author={Balasubramanian, Ravi},
  journal={USA: Robotics Insitute Carnegie Mellon University},
  year={2011}
}