\documentclass[12pt,a4paper]{article}
\usepackage[utf8]{inputenc}
\usepackage{amsmath}
\usepackage{amsfonts}
\usepackage{amssymb}
\usepackage{makeidx}
\usepackage{graphicx}
\usepackage{lmodern}
\usepackage{kpfonts}
\usepackage{fourier}
\usepackage[left=2cm,right=2cm,top=2cm,bottom=2cm]{geometry}
\begin{document}
@inproceedings{bergamini2015parametrizaciones,
  title={Parametrizaciones de Movimientos R{\'\i}gidos en 3D para Visi{\'o}n Artificial},
  author={Bergamini, Mar{\'\i}a Lorena and Kamlofsky, Jorge Alejandro},
  booktitle={Actas del 3er. Congreso Nacional de Ingenier{\'\i}a Inform{\'a}tica/Sistemas de Informaci{\'o}n CoNaIISI},
  pages={365--369},
  year={2015}
}
\end{document}